<?xml version="1.0" encoding="UTF-8"?><record xmlns="http://www.loc.gov/MARC21/slim" xmlns:cinclude="http://apache.org/cocoon/include/1.0" xmlns:zs="http://www.loc.gov/zing/srw/">
  <leader>00476nz  a2200133n  4500</leader>
  <controlfield tag="001">n  95088144 </controlfield>
  <controlfield tag="003">DLC</controlfield>
  <controlfield tag="005">19950906165224.9</controlfield>
  <controlfield tag="008">950906n| acannaab|          |n aaa |||  </controlfield>
  <datafield tag="010" ind1=" " ind2=" ">
    <subfield code="a">n  95088144 </subfield>
  </datafield>
  <datafield tag="040" ind1=" " ind2=" ">
    <subfield code="a">DLC</subfield>
    <subfield code="c">DLC</subfield>
  </datafield>
  <datafield tag="100" ind1="1" ind2="0">
    <subfield code="a">Schulz, Norbert</subfield>
    <subfield code="q">(Norbert John)</subfield>
  </datafield>
  <datafield tag="670" ind1=" " ind2=" ">
    <subfield code="a">Macintosh design to production, c1995:</subfield>
    <subfield code="b">t.p. (Norbert Schulz) p. 370 (environmental consultant with specialized skills in technical writing)</subfield>
  </datafield>
  <datafield tag="670" ind1=" " ind2=" ">
    <subfield code="a">Phone call to pub., 09-06-95</subfield>
    <subfield code="b">(Norbert John Schulz)</subfield>
  </datafield>
</record>